@article{pirzada,
    title = "Applications of graph theory",
    volume = "7",
    number = "1",
    journal = "PAMM",
    author = "Pirzada, S.",
    year = "2007",
    pages = "2070013-2070013"
}

@incollection{kar72,
  added-at = {2006-11-06T22:06:28.000+0100},
  author = {Karp, R.},
  biburl = {https://www.bibsonomy.org/bibtex/21fa7a672ce72ed916311dc52e5a93038/lysander07},
  booktitle = {Complexity of Computer Computations},
  editor = {Miller, R. and Thatcher, J.},
  interhash = {427e5bfc8069f94f57c5d43b6fd85949},
  intrahash = {1fa7a672ce72ed916311dc52e5a93038},
  keywords = {imported XMLTage2006-2},
  pages = {85--103},
  publisher = {Plenum Press},
  timestamp = {2009-01-27T15:24:50.000+0100},
  title = {Reducibility among combinatorial problems},
  year = 1972
}

@article{gkk,
  title = {Efficient Classification for Metric Data},
  volume = {60},
  DOI = {10.1109/tit.2014.2339840},
  number = {9},
  journal = {IEEE Transactions on Information Theory},
  author = {Gottlieb, Lee-Ad and Kontorovich, Aryeh and Krauthgamer, Robert},
  year = {2014},
  pages = {5750-5759}
}
@article{balaji13,
  title = {A Local Search Based Greedy Heuristic For Minimum Vertex Cover Problem},
  volume = {79},
  number = {2},
  journal = {Far East Journal of Mathematical Sciences},
  author = {Balaji, s},
  year = {2013},
  pages = {257-266}
}

@article{chen16,
  title={An Approximation Algorithm for the Minimum Vertex Cover Problem},
  volume={137},
  DOI={10.1016/j.proeng.2016.01.248},
  journal={Procedia Engineering},
  author={Chen, Jingrong and Kou, Lei and Cui, Xiaochuan},
  year={2016},
  pages={180-185}
}

@article{tomar14,
  title={An Improved Greedy Heuristic for Unweighted Minimum Vertex Cover},
  DOI={10.1109/cicn.2014.138},
  journal={2014 International Conference on Computational Intelligence and Communication Networks},
  author={Tomar, Dhananjay},
  year={2014}
}

@article{pullan06,
  title={Phased local search for the maximum clique problem},
  volume={12},
  DOI={10.1007/s10878-006-9635-y},
  number={3},
  journal={Journal of Combinatorial Optimization},
  author={Pullan, Wayne},
  year={2006},
  pages={303-323}
}

@article{pullan09,
  title={Optimisation of unweighted/weighted maximum independent sets and minimum vertex covers},
  volume={6},
  DOI={10.1016/j.disopt.2008.12.001},
  number={2},
  journal={Discrete Optimization},
  author={Pullan, Wayne},
  year={2009},
  pages={214-219}
}