@article{CE,
    author = "Pieter-Tjerk Be Boer and Dirk P. Kroese and Shie Mannor and Reuven Y. Rubinstein",
    title = "A Tutorial on the Cross-Entropy Method",
    journal = "Annals of Operations Research",
    volume = "134",
    pages = "19--67",
    year = "2005",
    url = "https://people.smp.uq.edu.au/DirkKroese/ps/aortut.pdf"
}

@misc{CE2,
    author = "Zdravko I. Botev and Dirk P. Kroese and Reuven Y. Rubinstein and Pierre L`Ecuyer",
    title = "The Cross-Entropy Method for Optimization",
    url = "https://people.smp.uq.edu.au/DirkKroese/ps/CEopt.pdf"
}

@book{numericalOptimization,
    author = "Jorge Nocedal, Stephen J. Wright",
    title = "Numerical Optimization",
    url="http://www.bioinfo.org.cn/~wangchao/maa/Numerical\_Optimization.pdf",
    pages = "193--202",
    publisher = "Springer-Verlag",
    address = "New York",
    year = "1999"
}